% This file was created with Citavi 5.2.0.8

@online{AdvanticSystemhausGmbH.2015,
 author = {{Advantic Systemhaus GmbH}},
 editor = {{Advantic Systemhaus GmbH}},
 year = {2015},
 title = {iKISS - Anmeldung},
 urldate = {2015-11-05},
 abstract = {}
}


@book{Aksyonoff.2011,
 author = {Aksyonoff, Andrew},
 year = {2011},
 title = {Introduction to Search with Sphinx},
 url = {http://gbv.eblib.com/patron/FullRecord.aspx?p=689343},
 publisher = {{O'Reilly Media Inc}},
 isbn = {978-0-596-80955-3},
 subtitle = {From installation to relevance tuning},
 language = {eng},
 location = {Sebastopol},
 abstract = {This concise introduction to Sphinx shows you how to use this free software to index an enormous number of documents and provide fast results to both simple and complex searches. Written by the creator of Sphinx, this authoritative book is short and to the point. Understand the particular way Sphinx conducts searchesInstall and configure Sphinx, and run a few basic testsIssue basic queries to Sphinx at the application levelLearn the syntax of search text and the effects of various search optionsGet strategies for dealing with large data sets, such as multi-index searchingApply relevance and r},
 pagetotal = {147},
 file = {http://gso.gbv.de/DB=2.1/PPNSET?PPN=723239665}
}


@online{AmazonWebServices.2015,
 editor = {{Amazon Web Services}},
 year = {2015},
 title = {Amazon CloudSearch},
 url = {http://docs.aws.amazon.com/cloudsearch/latest/developerguide/cloudsearch-dg.pdf},
 urldate = {2015-12-27},
 abstract = {},
 subtitle = {Developer Guide}
}


@book{Balzert.1999,
 author = {Balzert, Heide},
 year = {1999},
 title = {Lehrbuch der Objektmodellierung},
 publisher = {{Spektrum Akad. Verl.}},
 isbn = {3-8274-0285-9},
 subtitle = {Analyse und Entwurf ; mit CD-ROM},
 language = {ger},
 location = {Heidelberg},
 series = {Lehrb{\"u}cher der Informatik},
 abstract = {},
 pagetotal = {575}
}


@book{Balzert.2009,
 author = {Balzert, Helmut},
 year = {2009},
 title = {Lehrbuch der Softwaretechnik: Basiskonzepte und Requirements Engineering},
 url = {http://site.ebrary.com/lib/alltitles/docDetail.action?docID=10361884},
 edition = {3. Auflage},
 publisher = {{Spektrum Akademischer Verlag}},
 isbn = {3827417058},
 language = {ger},
 location = {Heidelberg},
 series = {Lehrb{\"u}cher der Informatik},
 abstract = {},
 doi = {10.1007/978-3-8274-2247-7},
 file = {http://gso.gbv.de/DB=2.1/PPNSET?PPN=618470557},
 file = {http://dx.doi.org/10.1007/978-3-8274-2247-7},
 file = {http://d-nb.info/994277113/04},
 file = {http://zbmath.org/?q=an:1181.68100}
}


@book{Balzert.2011,
 author = {Balzert, Helmut and Liggesmeyer, Peter},
 year = {2011},
 title = {Lehrbuch der Softwaretechnik: Entwurf, Implementierung, Installation und Betrieb},
 url = {http://site.ebrary.com/lib/alltitles/docDetail.action?docID=10494391},
 edition = {3. Aufl.},
 publisher = {{Spektrum Akademischer Verlag}},
 isbn = {978-3-8274-1706-0},
 language = {ger},
 location = {Heidelberg},
 series = {Lehrb{\"u}cher der Informatik},
 abstract = {},
 doi = {10.1007/978-3-8274-2246-0},
 file = {http://gso.gbv.de/DB=2.1/PPNSET?PPN=668042133},
 file = {http://dx.doi.org/10.1007/978-3-8274-2246-0},
 file = {http://external.dandelon.com/download/attachments/dandelon/ids/DE001BE12452D0879AC98C1257920003DED94.pdf}
}


@online{Belaid.2015,
 author = {Belaid, Rachid},
 year = {2015},
 title = {Postgres full-text search is Good Enough!},
 url = {http://rachbelaid.com/postgres-full-text-search-is-good-enough/},
 urldate = {2016-01-01},
 abstract = {}
}


@article{Bernstein.1981,
 author = {Bernstein, Philip A. and Goodman, Nathan},
 year = {1981},
 title = {Concurrency Control in Distributed Database Systems},
 pages = {185--221},
 pagination = {page},
 volume = {13},
 issn = {03600300},
 journaltitle = {ACM Computing Surveys},
 shortjournal = {ACM Comput. Surv.},
 language = {en},
 doi = {10.1145/356842.356846},
 issue = {2},
 abstract = {}
}


@book{Bielitza.2011,
 author = {Bielitza, Michael and Kl{\"u}mpel, Christoph and Hinz, Pascal},
 year = {2011},
 title = {TYPO3-Handbuch f{\"u}r Redakteure},
 edition = {3. Aufl.},
 publisher = {O'Reilly},
 isbn = {9783868991161},
 subtitle = {[Web-Inhalte optimal aufbereiten]},
 language = {ger},
 location = {Beijing},
 abstract = {},
 pagetotal = {574},
 file = {http://d-nb.info/1013798015/04}
}


@book{Boos.2015,
 author = {Boos, Carina},
 year = {2015},
 title = {Verbraucher- und Datenschutz bei Online-Versanddiensten},
 volume = {1},
 publisher = {{Kassel Univ. Press}},
 isbn = {9783862199587},
 subtitle = {Automatisierte Einsch{\"a}tzung der Vertrauensw{\"u}rdigkeit durch ein Browser-Add-on},
 language = {ger},
 location = {Kassel},
 titleaddon = {Univ., Diss.--Kassel, 2015},
 series = {ITeG - Interdisciplinary Research on Information System Design},
 abstract = {},
 pagetotal = {511},
 file = {http://www.upress.uni-kassel.de/katalog/abstract.php?978-3-86219-958-7},
 file = {http://deposit.d-nb.de/cgi-bin/dokserv?id=5347236&prov=M&dok_var=1&dok_ext=htm}
}


@book{Buttcher.2010,
 author = {B{\"u}ttcher, Stefan and Clarke, Charles L. A. and Cormack, Gordon V.},
 year = {2010},
 title = {Information retrieval},
 publisher = {{MIT Press}},
 isbn = {9780262026512},
 subtitle = {Implementing and evaluating search engines},
 language = {eng},
 location = {Cambridge, Mass.},
 abstract = {},
 pagetotal = {606},
 file = {http://gso.gbv.de/DB=2.1/PPNSET?PPN=614511461},
 file = {http://www.gbv.de/dms/tib-ub-hannover/614511461.pdf}
}


@book{Drew.2011,
 author = {Drew, Mark},
 year = {2011},
 title = {Railo 3 beginners guide},
 url = {http://site.ebrary.com/lib/alltitles/docDetail.action?docID=10525160},
 publisher = {{Packt Pub}},
 isbn = {9781849513418},
 subtitle = {Easily develop and deploy complex applications online using the powerful Railo server},
 language = {eng},
 location = {Birmingham, U.K},
 series = {Learn by doing},
 abstract = {Part of Packt's Beginner's Guide series, this book uses practical examples and screenshots to steadily guide the reader through setting up and using Railo. If you want to develop your own dynamic web applications using CFML, then this book is for you. No prior experience with Railo or CFML is required, although you will be expected to have some web application development experience and knowledge of HTML},
 pagetotal = {339},
 organization = {{ebrary, Inc}},
 file = {http://gso.gbv.de/DB=2.1/PPNSET?PPN=721877745},
 file = {http://gbv.eblib.com/patron/FullRecord.aspx?p=943428},
 file = {http://proquest.tech.safaribooksonline.de/9781849513401}
}


@misc{EUROPEANPARLIAMENTANDOFTHECOUNCIL.2009,
 author = {{EUROPEAN PARLIAMENT AND OF THE COUNCIL}},
 title = {2009/136/EG},
 url = {http://eur-lex.europa.eu/legal-content/DE-EN/TXT/?uri=CELEX:32009L0136&fromTab=ALL&from=DE},
 urldate = {2015-12-16},
 abstract = {},
 year = {2009},
 titleaddon = {2009/136/EG}
}


@incollection{Ferrnandes.2014,
 author = {Ferrnandes, Jos{\'e} and Louren{\c{c}}o, An{\'a}lia},
 title = {Bringing Named Entity Recognition on Drupal Content Management System},
 keywords = {Apache Lucene;Apache Solr;Apache UIMA;Drupal;named entity recognition;text mining},
 pages = {261--268},
 bookpagination = {page},
 volume = {294},
 publisher = {{Springer International Publishing}},
 isbn = {978-3-319-07580-8},
 series = {Advances in Intelligent Systems and Computing},
 editor = {Saez-Rodriguez, Julio and Rocha, Miguel P. and Fdez-Riverola, Florentino and {De Paz Santana, Juan F}},
 booktitle = {8th International Conference on Practical Applications of Computational Biology {\&} Bioinformatics (PACBB 2014)},
 year = {2014},
 abstract = {},
 doi = {10.1007/978-3-319-07581-5_31},
 language = {English},
 file = {http://dx.doi.org/10.1007/978-3-319-07581-5_31}
}


@book{Forta.2010,
 author = {Forta, Ben and Arehart, Charlie and Camden, Raymond},
 year = {2010},
 title = {Adobe ColdFusion 9},
 url = {http://proquest.tech.safaribooksonline.de/9780321694874},
 publisher = {Peachpit},
 isbn = {978-0-321-66034-3},
 subtitle = {Web application construction kit : Volume 1: Getting started},
 language = {eng},
 location = {Berkeley, Calif},
 abstract = {},
 pagetotal = {581},
 file = {http://gso.gbv.de/DB=2.1/PPNSET?PPN=785415440}
}


@online{Google.2011,
 editor = {Google},
 year = {2011},
 title = {Nutzungsbedingungen},
 url = {https://support.google.com/customsearch/answer/1714300},
 urldate = {2015-12-13},
 abstract = {},
 subtitle = {Getting started with Custom Search}
}


@online{Google.2012,
 editor = {Google},
 year = {2012},
 title = {Google Search Appliance},
 url = {http://static.googleusercontent.com/media/www.google.com/de//support/enterprise/static/gsa/docs/admin/70/gsa_doc_set/quick_start/quick_start.pdf},
 urldate = {2015-12-27},
 abstract = {},
 subtitle = {Getting the Most from Your Google Search Appliance},
 version = {7.0}
}


@online{Google.2013,
 editor = {Google},
 year = {2013},
 title = {Return on Information: Improving your ROI with Google Enterprise Search},
 url = {https://static.googleusercontent.com/media/www.google.com/en/us/enterprise/search/files/Internal_Search_ROI.pdf},
 urldate = {2015-12-26},
 abstract = {},
 subtitle = {How Google search solutions can boost your bottom line}
}


@online{Google.2015,
 editor = {Google},
 year = {2015},
 title = {Google Search for Work},
 url = {https://www.google.de/intx/de/work/search/products/gss.html#pricing_content},
 urldate = {2015-12-13},
 abstract = {},
 subtitle = {Google Site Search}
}


@online{Google.2015b,
 editor = {Google},
 year = {2015},
 title = {Planning for Search Appliance Installation},
 url = {http://www.google.com/support/enterprise/static/gsa/docs/admin/74/gsa_doc_set/planning/planning.html#1073674},
 urldate = {2015-12-13},
 abstract = {},
 subtitle = {How Does the Search Appliance Work?},
 version = {7.4}
}


@online{Google.2015c,
 editor = {Google},
 year = {2015},
 title = {Search for Work},
 url = {https://www.google.de/intx/de/work/search/products/gsa.html},
 urldate = {2015-12-13},
 abstract = {},
 subtitle = {Google Search Appliance 7.4}
}


@online{GPMDeutscheGesellschaftfurProjektmanagemente.V..2008,
 author = {{GPM Deutsche Gesellschaft f{\"u}r Projektmanagement e.V.} and {PA Consulting Group}},
 year = {2008},
 title = {Ergebnisse der Projektmanagement Studie 2008},
 url = {http://www.gpm-ipma.de/fileadmin/user_upload/Know-How/Ergebnisse_Erfolg_und_Scheitern-Studie_2008.pdf},
 urldate = {2015-11-07},
 abstract = {},
 language = {de},
 subtitle = {- Erfolg und Scheitern im Projektmanagement -}
}


@book{Grainger.2014,
 author = {Grainger, Trey and Potter, Timothy},
 year = {2014},
 title = {Solr in action},
 url = {http://proquest.tech.safaribooksonline.de/9781617291029},
 edition = {Online-Ausg},
 publisher = {Manning},
 isbn = {9781617291029},
 language = {eng},
 location = {Shelter Island, NY},
 abstract = {Includes index},
 pagetotal = {1}
}


@book{Grande.2014,
 author = {Grande, Marcus},
 year = {2014},
 title = {100 Minuten f{\"u}r Anforderungsmanagement},
 url = {http://dx.doi.org/10.1007/978-3-658-06435-8},
 edition = {2., aktual. Aufl.},
 publisher = {{Springer Vieweg}},
 isbn = {978-3-658-06434-1},
 subtitle = {Kompaktes Wissen nicht nur f{\"u}r Projektleiter und Entwickler},
 language = {ger},
 location = {Wiesbaden},
 abstract = {In der Produkt-, System- und Softwareentwicklung spielt der professionelle Umgang mit Anforderungen eine entscheidende Rolle f{\"u}r den Erfolg der gesamten Entwicklung und f{\"u}r das entstehende Produkt. Dieses Buch vermittelt in kompakter Form das notwendige Grundwissen f{\"u}r Anforderungsmanagement. Begleitet werden die Ausf{\"u}hrungen von Praxiserfahrungen und Beispielvorlagen. Der Inhalt Warum Anforderungsmanagement - T{\"a}tigkeiten und Abl{\"a}ufe im AM - Anforderungen finden, dokumentieren und validieren - Verwaltung und Pflege von Anforderungen - Nachverfolgbarkeit - Kontext Reifegrad- und Vorgehensmodelle - Anforderungs-Austausch-Format RIF~- Werkzeuge - Praxiserfahrungen - Beispiele - Vorlagen Die Zielgruppen Gesch{\"a}ftsf{\"u}hrer Team- und Projektleiter Entwickler Dozenten und Referenten Studierende Der Autor Dipl.-Ing. Marcus Grande ist Teamleiter und Softwareentwickler im Bereich der Embedded Systeme. Dar{\"u}ber hinaus ist er als Dozent und Coach t{\"a}tig. Seine Schwerpunkte liegen in den Bereichen Anforderungs- und Konfigurationsmanagement, Softwaredesign und -architektur sowie Qualit{\"a}tssicherung und dem Testen von Software},
 pagetotal = {146},
 doi = {10.1007/978-3-658-06435-8},
 file = {http://gso.gbv.de/DB=2.1/PPNSET?PPN=79530045X},
 file = {http://gbv.eblib.com/patron/FullRecord.aspx?p=1802936}
}


@book{Harrington.2009,
 author = {Harrington, Jan L.},
 year = {2009},
 title = {Relational database design},
 url = {http://proquest.tech.safaribooksonline.de/9780123747303},
 edition = {3rd ed.},
 publisher = {{Morgan Kaufmann/Elsevier}},
 isbn = {9780080885018},
 subtitle = {Clearly explained},
 language = {eng},
 location = {Burlington, MA},
 abstract = {},
 pagetotal = {1},
 file = {http://gso.gbv.de/DB=2.1/PPNSET?PPN=785443479}
}


@misc{InternetEngineeringTaskForce.April2011,
 title = {HTTP State Management Mechanism},
 url = {https://tools.ietf.org/html/rfc6265},
 urldate = {2015-12-15},
 number = {RFC6265},
 abstract = {},
 date = {2011-04-01},
 location = {U.C. Berkeley},
 editor = {{Internet Engineering Task Force}}
}


@online{InternetLiveStats.2014,
 author = {{Internet Live Stats}},
 editor = {{Internet Live Stats}},
 year = {2014},
 title = {Anzahl der Webseiten weltweit in den Jahren von 1992 bis 2014},
 url = {http://www.internetlivestats.com/total-number-of-websites/},
 urldate = {2016-01-06},
 abstract = {}
}


@online{Janc.o.J.,
 author = {Janc, Arthur and Zalewski, Michal},
 year = {o.J.},
 title = {Technical analysis of client identification mechanisms},
 url = {https://www.chromium.org/Home/chromium-security/client-identification-mechanisms},
 urldate = {2015-12-17},
 abstract = {}
}


@article{Kulkarni.2012,
 author = {Kulkarni, Krishna and Michels, Jan-Eike},
 year = {2012},
 title = {Temporal features in SQL},
 pages = {34},
 pagination = {page},
 volume = {41},
 issn = {01635808},
 journaltitle = {ACM SIGMOD Record},
 shortjournal = {SIGMOD Rec.},
 subtitle = {2011},
 doi = {10.1145/2380776.2380786},
 issue = {3},
 abstract = {}
}


@book{Lockhart.2015,
 author = {Lockhart, Josh},
 year = {2015},
 title = {Modern PHP},
 publisher = {{O'Reilly Media}},
 isbn = {9781491905180},
 subtitle = {New features and good practices},
 language = {en},
 location = {Sebastopol, CA},
 abstract = {},
 pagetotal = {1 online resource (1 volume)},
 file = {http://www.worldcat.org/oclc/904769596},
 file = {https://books.google.de/books?id=03SpBgAAQBAJ&pg=PR2&lpg=PR2&dq=o%27reilly+modern+php&source=bl&ots=_Nf8-6MsHH&sig=5g5nEabYdMXClBHrVyeqceBMV5Y&hl=de&sa=X&ved=0CFgQ6AEwB2oVChMI2cKX3fDRyAIVhTgaCh33Hg0s#v=onepage&q=o'reilly%20modern%20php&f=false}
}


@book{Majano.2009,
 author = {Majano, Luis F.},
 year = {2009},
 title = {Coldbox},
 publisher = {{Ortus Solutions, Corp {\&} Luis Majano}},
 isbn = {1449907865},
 subtitle = {The Definitive Guide to the Coldbox Platform},
 language = {en},
 location = {[S.l.]},
 abstract = {{\dq}ColdBox is an event-driven convention based ColdFusion Development Platform. It provides you with a set of reusable code and tools that you can use to increase your development productivity, and it provides you with a development standard when working in a team environment. ColdBox is comprehensive and modular which helps you address most infrastructure concerns of typical ColdFusion applications. It also goes places that other frameworks don't.{\dq}--Editor.},
 pagetotal = {393},
 file = {http://www.worldcat.org/oclc/847345199}
}


@book{Martin.2009,
 author = {Martin, Robert C. and Coplien, James O.},
 year = {2009},
 title = {Clean code},
 publisher = {Prentice-Hall},
 isbn = {0-13-235088-2},
 subtitle = {A handbook of agile software craftsmanship},
 language = {eng},
 location = {Upper Saddle River, NJ},
 series = {Robert C. Martin series},
 abstract = {},
 pagetotal = {431},
 file = {http://gso.gbv.de/DB=2.1/PPNSET?PPN=56889538X}
}


@online{MengeSonnentag.2015,
 author = {Menge-Sonnentag, Rainald},
 editor = {{Heise Medien GmbH {\&} Co. KG}},
 year = {2015},
 title = {Programmiersprachen-Top 10: Objective-C raus, Ruby wieder rein},
 url = {http://www.heise.de/developer/meldung/Programmiersprachen-Top-10-Objective-C-raus-Ruby-wieder-rein-2837323.html},
 urldate = {2015-10-22},
 abstract = {},
 language = {de}
}


@online{Microsoft.2015,
 editor = {Microsoft},
 year = {2015},
 title = {Sortierung und Unicode-Unterst{\"u}tzung},
 url = {https://msdn.microsoft.com/de-de/library/ms143726(v=sql.120).aspx},
 urldate = {2015-11-19},
 abstract = {},
 titleaddon = {SQL Server 2014}
}


@online{Microsoft.2015b,
 editor = {Microsoft},
 year = {2015},
 title = {Volltextsuche},
 url = {https://msdn.microsoft.com/de-de/library/ms142571(v=sql.120).aspx},
 urldate = {2015-11-24},
 abstract = {},
 subtitle = {SQL Server 2014}
}


@online{NeosCMS.2015,
 editor = {{Neos CMS}},
 year = {2015},
 title = {Frequently Asked Questions},
 url = {https://www.neos.io/learn/faq.html},
 urldate = {2015-12-26},
 abstract = {},
 titleaddon = {e}
}


@online{NeosCMS.2015b,
 editor = {{Neos CMS}},
 year = {2015},
 title = {Neos Split FAQ},
 url = {https://www.neos.io/learn/neos-split-faq.html},
 urldate = {2015-11-18},
 abstract = {}
}


@book{Nixon.2014,
 author = {Nixon, Robin},
 year = {2014},
 title = {Learning PHP, MySQL, and JavaScript},
 url = {http://search.ebscohost.com/login.aspx?direct=true&scope=site&db=nlebk&db=nlabk&AN=922837},
 edition = {Fourth edition},
 publisher = {O'Reilly},
 isbn = {9781491918647},
 subtitle = {With jQuery, CSS {\&} HTML5},
 language = {eng},
 location = {Sebastopol, CA},
 abstract = {A guide to PHP essentials and the basics of object-oriented programming.  Learn how to master MySQL, from database structure to complex queries; create web pages with PHP and MySQL by integrating forms and other HTML features; learn about JavaScript, from functions and event handling to accessing the Document Object Model; use libraries and packages, including the Smarty web template system, PEAR program repository, and the Yahoo User Interface Library; make Ajax calls and turn your website into a highly dynamic environment; and upload and manipulate files and images, validate user input, and secure your applications},
 pagetotal = {1},
 file = {http://gso.gbv.de/DB=2.1/PPNSET?PPN=815188846},
 file = {http://site.ebrary.com/lib/alltitles/docDetail.action?docID=10993878}
}


@online{OracleCorporationandoritsaffiliates.2015,
 editor = {{Oracle Corporation and/or its affiliates}},
 year = {2015},
 title = {Changes in MySQL 5.7.6 (2015-03-09, Milestone 16)},
 url = {http://dev.mysql.com/doc/relnotes/mysql/5.7/en/news-5-7-6.html},
 urldate = {2015-12-29},
 abstract = {}
}


@online{OracleCorporationandoritsaffiliates.2015b,
 editor = {{Oracle Corporation and/or its affiliates}},
 year = {2015},
 title = {MySQL 5.5 Reference Manual},
 url = {https://dev.mysql.com/doc/refman/5.5/en/storage-engines.html},
 urldate = {2015-11-24},
 number = {5.5},
 abstract = {},
 subtitle = {Chapter 15 Alternative Storage Engines}
}


@online{OracleCorporationandoritsaffiliates.2015c,
 editor = {{Oracle Corporation and/or its affiliates}},
 year = {2015},
 title = {MySQL 5.6 Reference Manual},
 url = {https://dev.mysql.com/doc/refman/5.6/en/innodb-fulltext-index.html},
 urldate = {2015-12-06},
 abstract = {},
 subtitle = {14.2.6.3 InnoDB FULLTEXT Indexes},
 version = {5.6}
}


@book{Orsini.2007,
 author = {Orsini, Rob and Klicman, Peter},
 year = {2007},
 title = {Rails Kochbuch},
 url = {http://examples.oreilly.de/openbooks/pdf_railsckbkger.pdf},
 edition = {Dt. Ausg., 1. Aufl.},
 publisher = {O'Reilly},
 isbn = {978-3-89721-714-0},
 subtitle = {[rapid Web development mit Rails 1.2]},
 language = {ger},
 location = {Beijing},
 abstract = {Das Rails Kochbuch ist vollgestopft mit genialen L{\"o}sungen, um Web-Anwendungen vom Feinsten zu erstellen. Das Web-Framework Ruby on Rails hat gezeigt, wie man mit wenig Code hoch professionelle Webseiten kreieren kann. Einige der besten Konzepte und Tricks werden in diesem Buch nun erstmalig ver{\"o}ffentlicht. Jedes Rails-Rezept beinhaltet eine durchgetestete L{\"o}sung, erg{\"a}nzt um eine genaue Erl{\"a}uterung, wie und warum diese L{\"o}sung funktioniert. Die Rezepte k{\"o}nnen leicht auf andere Szenarien und Aufgabenstellungen {\"u}bertragen werden.  Der AutorRob Orsini arbeitet als Open Source-Entwickler und lebt im n{\"o}rdlichen Kalifornien. Zeitweise arbeitet er f{\"u}r die Production Software Group von O'Reilly Media. Davor arbeitete Rob Orsini als Webmaster bei Industrial Light  Magic, wo er Anwendungen zur Erstellung von Spezialeffekten programmierte. Er programmiert bereits seit 1998 f{\"u}rs Internet und hofft, seitdem er Rails f{\"u}r sich entdeckt hat, dass er dies noch viele Jahre tun kann. Er ist au{\ss}erdem ein Jazz-Musiker und ein liebender Vater.   Der {\"U}bersetzer Peter Klicman ist unabh{\"a}ngiger Sachverst{\"a}ndiger f{\"u}r DV-Systeme sowie Internet-Provider und freier Unternehmensberater. Seine Arbeit f{\"u}r den O'Reilly Verlag brachte ihn zur technischen Dokumentation. Neben Buch{\"u}bersetzungen (z.B. Perl Kochbuch und TCP/IP Netzwerk-Administration, 2. Auflage) f{\"u}hrt er Dokumentations- und Entwicklungsprojekte durch.



The Rails Cookbook is is packed with the solutions you need to be a proficient developer with Rails, the leading framework for building the new generation of Web 2.0 applications. Recipes range from the basics, like installing Rails and setting up your development environment, to the latest techniques, such as developing RESTful web services. With applications that are code light, feature-full and built to scale quickly, Rails has revolutionized web development. The Rails Cookbook addresses scores of real-world challenges; each one includes a tested solution, plus a discussion of how and why it works, so that you can adapt the techniques to similar situations.},
 pagetotal = {545},
 file = {http://d-nb.info/984102132/04},
 file = {http://ebooks.ciando.com/book/index.cfm/bok_id/14260},
 file = {http://www.ciando.com/img/books/width167/3897217147_k.jpg},
 file = {http://www.ciando.com/pictures/bib/3897217147bib_iv_1.jpg},
 file = {http://www.ciando.com/pictures/bib/3897217147bib_iv_2.jpg},
 file = {http://www.ciando.com/pictures/bib/3897217147bib_iv_3.jpg},
 file = {http://www.ciando.com/pictures/bib/3897217147bib_iv_4.jpg},
 file = {http://www.ciando.com/pictures/bib/3897217147bib_iv_5.jpg},
 file = {http://www.ciando.com/pictures/bib/3897217147bib_iv_6.jpg},
 file = {http://www.ciando.com/pictures/bib/3897217147bib_lp_1.jpg},
 file = {http://www.ciando.com/pictures/bib/3897217147bib_lp_2.jpg},
 file = {http://www.ciando.com/pictures/bib/3897217147bib_lp_3.jpg},
 file = {http://www.ciando.com/pictures/bib/3897217147bib_t_1.jpg},
 file = {http://www.ciando.com/pictures/bib/3897217147bib_t_2.jpg},
 file = {http://www.ciando.com/pictures/bib/3897217147bib_vw_1.jpg},
 file = {http://www.ciando.com/pictures/bib/3897217147bib_vw_2.jpg},
 file = {http://www.ciando.com/pictures/bib/3897217147bib_vw_3.jpg}
}


@book{Ottmann.2012,
 author = {Ottmann, Thomas and Widmayer, Peter},
 year = {2012},
 title = {Algorithmen und Datenstrukturen},
 url = {http://dx.doi.org/10.1007/978-3-8274-2804-2},
 edition = {5. Aufl.},
 publisher = {{Spektrum Akademischer Verlag}},
 isbn = {978-3-8274-2803-5},
 language = {ger},
 location = {Heidelberg},
 abstract = {},
 doi = {10.1007/978-3-8274-2804-2},
 file = {http://gso.gbv.de/DB=2.1/PPNSET?PPN=682093718},
 file = {http://d-nb.info/1009408992/04},
 file = {http://deposit.d-nb.de/cgi-bin/dokserv?id=3648302&prov=M&dok_var=1&dok_ext=htm}
}


@book{Pohl.2008,
 author = {Pohl, Klaus},
 year = {2008},
 title = {Requirements engineering},
 url = {http://deposit.d-nb.de/cgi-bin/dokserv?id=3086471&prov=M&dok_var=1&dok_ext=htm},
 edition = {2., korrigierte Aufl.},
 publisher = {dpunkt-Verl.},
 isbn = {9783898645508},
 subtitle = {Grundlagen, Prinzipien, Techniken},
 language = {ger},
 location = {Heidelberg},
 abstract = {},
 pagetotal = {748},
 file = {http://d-nb.info/988121581/04}
}


@book{Pohl.2015,
 author = {Pohl, Klaus and Rupp, Chris},
 year = {2015},
 title = {Basiswissen Requirements Engineering},
 url = {http://site.ebrary.com/lib/hamburg/Doc?id=},
 edition = {4. Aufl.},
 publisher = {dpunkt},
 isbn = {9783864902833},
 subtitle = {Aus- und Weiterbildung nach IREB-Standard zum Certified Professional for Requirements Engineering Foundation Level},
 language = {ger},
 location = {s.l.},
 abstract = {Requirements Engineering (RE) ist eine Schl{\"u}sseldisziplin der Systementwicklung und entscheidet ma{\ss}geblich {\"u}ber den Erfolg oder Misserfolg eines Projekts. Fachleute, die in diesem Bereich t{\"a}tig sind, sollten {\"u}ber ein gesichertes RE-Grundlagenwissen verf{\"u}gen - so wie es im Lehrplan des 'Certified Professional for Requirements Engineering' (CPRE) festgelegt ist.~    Entwickelt und eingef{\"u}hrt wurde das CPRE-Zertifikat vom 'International Requirements Engineering Board' (IREB e.V.). Der IREB e.V. setzt sich f{\"u}r die Verbesserung der Requirements-Engineering-Praxis sowie f{\"u}r eine qualit{\"a}tsgesicherte und standardisierte Aus- und Weiterbildung ein.~    Dieses Lehrbuch f{\"u}r die Zertifizierung zum 'Foundation Level' (Version 2.2) des CPRE wurde von IREB-Mitgliedern geschrieben, die an der Entwicklung des Lehrplans beteiligt waren. Es behandelt im Einzelnen die    - Ermittlung  - Dokumentation  - Pr{\"u}fung und Abstimmung  - Verwaltung    von Anforderungen sowie die Werkzeugunterst{\"u}tzung.    Das Buch eignet sich zur individuellen Vorbereitung auf die Zertifizierungspr{\"u}fung und als Begleitliteratur zu den entsprechenden Vorbereitungsschulungen.    Die 4. Auflage wurde {\"u}berarbeitet und ist konform zur aktuellen Ausgabe des IREB-Lehrplans Foundation Level Version 2.2.    {\"U}ber dem Leserkasten:    Erg{\"a}nzende Informationen zum Buch, zum IREB e.V. und zum CPRE finden sich unter: http://www.certified-re.de.  Prof. Dr. Klaus Pohl ist Professor f{\"u}r Software Systems Engineering und Direktor von {\frqq}paluno - The Ruhr Institute for Software Technology{\flqq} an der Universit{\"a}t Duisburg-Essen. Er ist bzw. war Koordinator von mehreren internationalen und nationalen Forschungsprojekten, Vorsitzender des Programmkomitees und {\frqq}General Chair{\flqq} von nationalen und internationalen Konferenzen und ist (Co-)Autor von mehr als 250 begutachteten Publikationen. Als Berater unterst{\"u}tzt er Industrieunternehmen und {\"o}ffentliche Organisationen darin, die Requirements-Engineering-Prozesse in der Praxis weiter zu verbessern.     Chris Rupp OberSOPHISTin (formal: Gr{\"u}nderin und gesch{\"a}ftsf{\"u}hrende Gesellschafterin), Chefberaterin, Coach und Trainerin. In 25 Jahren Berufst{\"a}tigkeit sammelt sich so einiges an ... ein Unternehmen ... 6 B{\"u}cher ... 55 Mitarbeiter ... ungez{\"a}hlte Artikel und Vortr{\"a}ge ... und unheimlich viel Erfahrung. Meine Leidenschaft f{\"u}r die Projektberatung ist vermutlich schuld daran, dass ich bis heute nicht 'nur' manage, sondern auch ganz nah am Kunden bin, in Projekten mitarbeite. Gute Ideen so umzusetzen, dass Entwickler, Vertragspartner, direkt und indirekt betroffene Anwender das Gef{\"u}hl haben, ein intelligentes, durchdachtes und nutzbringendes Produkt vor sich zu haben, ist die Vision die mich dabei antreibt. Dabei arbeite ich mit unterschiedlichsten Methoden und Ans{\"a}tzen aus dem agilen und nicht agilen Bereich. Um die Qualifikation der Requirements-Engineers/Business-Analysten zu vereinheitlichen habe ich den IREB e. V. (International Requirements Engineering Board) gegr{\"u}ndet. Mehr Infos {\"u}ber mich finden Sie unter www.sophist.de. Chris Rupp ist Autorin vieler B{\"u}cher, unter anderem 'Requirements-Engineering und -Management' (Carl Hanser Verlag M{\"u}nchen 2014) und 'UML2 glasklar' (Carl Hanser Verlag M{\"u}nchen 2012).},
 pagetotal = {195},
 file = {http://ebooks.ciando.com/book/index.cfm/bok_id/1908594},
 file = {http://gbv.eblib.com/patron/FullRecord.aspx?p=2029882},
 file = {http://gso.gbv.de/DB=2.1/PPNSET?PPN=822956845},
 file = {http://www.ciando.com/img/books/width167/3864916747_k.jpg},
 file = {http://www.ciando.com/pictures/bib/3864916747bib_t_1.jpg},
 file = {http://www.ciando.com/pictures/bib/3864916747bib_t_1_26890.jpg},
 file = {http://www.ciando.com/pictures/bib/3864916747bib_t_1_52947.jpg}
}


@book{Potencier.,
 author = {Potencier, F.},
 title = {Practical symfony - Doctrine edition},
 publisher = {Lulu.com},
 isbn = {9782918390015},
 abstract = {}
}


@online{QSuccess.2015,
 author = {Q-Success},
 editor = {Q-Success},
 year = {2015},
 title = {Usage of server-side programming languages for websites},
 url = {http://w3techs.com/technologies/overview/programming_language/all},
 urldate = {2015-10-22},
 abstract = {},
 organization = {W3Techs},
 language = {en}
}


@book{Rau.2014,
 author = {Rau, Jochen and Kurf{\"u}rst, Sebastian and Helmich, Martin},
 year = {2014},
 title = {Zukunftssichere TYPO3-Extensions mit Extbase {\&} Fluid},
 edition = {2. Aufl.},
 publisher = {O'Reilly},
 isbn = {9783955614690},
 subtitle = {[der Einstieg in die Extension-Entwicklung]},
 language = {ger},
 location = {Beijing},
 abstract = {},
 pagetotal = {331},
 file = {http://www.gbv.de/dms/tib-ub-hannover/75322139x.pdf}
}


@collection{Redmond.2012,
 year = {2012},
 title = {Seven databases in seven weeks},
 edition = {Book version: P2.0},
 publisher = {{Pragmatic Bookshelf}},
 isbn = {9781934356920},
 series = {The pragmatic programmers},
 editor = {Redmond, Eric and Wilson, Jim R. and Carter, Jacquelyn},
 abstract = {},
 pagetotal = {333},
 language = {eng},
 subtitle = {A guide to modern databases and the NoSQL movement},
 location = {Dallas, Tex.}
}


@online{responseinformationsdesigngmbh&co.kg.,
 author = {{response informationsdesign gmbh {\&} co. kg}},
 title = {TYPO3 -- Webdesign aus Ingolstadt},
 url = {http://respon.se/creative/typo3.html},
 urldate = {2015-10-28},
 abstract = {},
 language = {de}
}


@online{Rinehart.2015,
 author = {Rinehart, Joe},
 year = {2015},
 url = {http://www.model-glue.com/},
 urldate = {2015-10-25},
 abstract = {}
}


@book{Rupp.2014,
 author = {Rupp, Chris},
 year = {2014},
 title = {Requirements-Engineering und -Management},
 url = {http://dx.doi.org/10.3139/9783446443136},
 edition = {6., aktualisierte u. erw. Aufl.},
 publisher = {Hanser},
 isbn = {9783446438934},
 subtitle = {Aus der Praxis von klassisch bis agil},
 language = {ger},
 location = {M{\"u}nchen},
 abstract = {REQUIREMENTS-ENGINEERING UND -MANAGEMENT // - Praktische und innovative L{\"o}sungen f{\"u}r die Systemanalyse sichern den Know-how-Transfer in Ihrem Projekt  - Erlernen Sie das Erheben, Dokumentieren, Pr{\"u}fen, Abstimmen und Verwalten von Anforderungen - Nutzen Sie die Vorteile von agilen Vorgehensmodellen - Vermeiden Sie inkonsistente und unvollst{\"a}ndige Anforderungen - Stellen Sie eine Qualit{\"a}t und Testbarkeit Ihrer Anforderungen sicher  Der Erfolg von IT-Projekten entscheidet sich bereits in der Systemanalyse! Sie ist das Fundament der Systementwicklung. Dieses Buch liefert Ihnen Hintergr{\"u}nde, Strategien, klare Konzepte und Tipps zur pragmatischen Umsetzung Ihrer Anforderungen - von der Erhebung {\"u}ber die Dokumentation bis hin zur Verwaltung.  Als neue Themen werden in der 6. Auflage Requirements-Engineering im agilen Umfeld, agile Dokumentationsformen, wie User-Storys und ihre Schneidung, und Spezialf{\"a}lle, wie Delta-Anforderungen und Usability Engineering, betrachtet. Durch die Buchkapitel begleiten Sie ein durchgehendes Beispiel mit einer eigenen Rahmenhandlung und eine von Kapitel zu Kapitel aufbauende Bauanleitung f{\"u}r einen Requirements-Engineering-Leitfaden. Neu in dieser Auflage ist auch ein Online-Selbsttest mit Hilfe der ILIAS{\circledR}-Lernplattform auf der Autorenwebsite. Nach jedem Kapitel kann der Leser sein Wissen mit interaktiven Fragen testen. Die gehirngerechte Aufbereitung bietet Ihnen mehr Spa{\ss} und Effektivit{\"a}t. Das komplet-te Buch ist in Farbe, in einem anschaulichen Layout und hat freche Illustrationen. Auf der Website der Autoren finden Sie zus{\"a}tzliche Formulare, Checklisten, Hinter-grundinformationen und vieles mehr. AUS DEM INHALT //  Vorgehensweisen klassisch und agil // Anforderungsermittlung // SOPHIST-REgelwerk // Anforderungsschablonen // Systemanalyse // Anforderungsdokumentation klassisch und agil // Nicht-Funktionale Anforderungen // Pr{\"u}ftechniken  Qualit{\"a}tsmetriken // Anforderungskonsolidierung // Requirements- Management, Change-  Release-Management // Einf{\"u}hrungsstrategien // Delta-Ansatz // Requirements und Usability  Chris Rupp  die SOPHISTen sind Spezialisten f{\"u}r Requirements-Engineering und -Management. Als Berater und Trainer begleiten sie methodisch und operativ in klassischen und agilen Projekte von der Idee {\"u}ber gute Anforderungen bis hin zum passenden System. Die Erfindungen der SOPHISTen pr{\"a}gen die Welt der Systemanalyse.},
 pagetotal = {570},
 doi = {10.3139/9783446443136},
 file = {http://gso.gbv.de/DB=2.1/PPNSET?PPN=798171588},
 file = {http://ebooks.ciando.com/book/index.cfm/bok_id/1657751},
 file = {http://external.dandelon.com/download/attachments/dandelon/ids/DE00203B5A08E716BDA6AC1257DC00038A4F6.pdf},
 file = {http://www.ciando.com/img/books/width167/3446443134_k.jpg},
 file = {http://www.ciando.com/pictures/bib/3446443134bib_t_1.jpg}
}


@collection{SaezRodriguez.2014,
 year = {2014},
 title = {8th International Conference on Practical Applications of Computational Biology {\&} Bioinformatics (PACBB 2014)},
 publisher = {{Springer International Publishing}},
 isbn = {978-3-319-07580-8},
 series = {Advances in Intelligent Systems and Computing},
 editor = {Saez-Rodriguez, Julio and Rocha, Miguel P. and Fdez-Riverola, Florentino and {De Paz Santana, Juan F}},
 abstract = {},
 language = {en}
}


@book{Schwartz.2008,
 author = {Schwartz, Baron and Zaitsev, Peter and Tkachenko, Vadim},
 year = {2008},
 title = {High Performance MySQL},
 edition = {2nd ed.},
 publisher = {{O'Reilly Media, Inc}},
 isbn = {9780596554750},
 subtitle = {Optimization, Backups, Replication, and Load-balancing},
 location = {Sebastopol},
 abstract = {High Performance MySQL is the definitive guide to building fast, reliable systems with MySQL. Written by noted experts with years of real-world experience building very large systems, this book covers every aspect of MySQL performance in detail, and focuses on robustness, security, and data integrity. Learn advanced techniques in depth so you can bring out MySQL's full power. The second edition is completely revised and greatly expanded, with deeper coverage in all areas.},
 pagetotal = {1 online resource (712},
 file = {http://www.worldcat.org/oclc/609840807}
}


@online{Sharp.2008,
 author = {Sharp, Remy},
 year = {2008},
 title = {How to detect if a font is installed (only using JavaScript)},
 url = {https://remysharp.com/2008/07/08/how-to-detect-if-a-font-is-installed-only-using-javascript},
 urldate = {2015-12-17},
 abstract = {}
}


@online{StadtIngolstadt.2014,
 editor = {{Stadt Ingolstadt}},
 year = {2014},
 title = {Ingolstadt und seine Partnerst{\"a}dte},
 url = {http://www.ingolstadt.de/partnerstaedte/index.php?id=home},
 urldate = {2015-11-28},
 abstract = {},
 organization = {{Stadt Ingolstadt Presse- und Informationsamt}}
}


@misc{StatistaGmbH.September2014,
 year = {September 2014},
 title = {Google - Statista-Dossier},
 url = {http://de.statista.com/statistik/studie/id/6921/dokument/google-statista-dossier/},
 urldate = {2015-11-26},
 editor = {{Statista GmbH}},
 abstract = {},
 location = {Hamburg},
 organization = {{Statista GmbH}},
 subtitle = {Statista-Dossier}
}


@online{Storing.2014,
 author = {St{\"o}ring, Marc},
 editor = {{Heise Medien GmbH {\&} Co. KG}},
 year = {2014},
 title = {EU Kommission zur Cookie-Richtlinie: Vorgaben f{\"u}r Cookies gelten in Deutschland},
 url = {http://www.heise.de/newsticker/meldung/EU-Kommission-zur-Cookie-Richtlinie-Vorgaben-fuer-Cookies-gelten-in-Deutschland-2107770.html},
 urldate = {2015-12-16},
 abstract = {}
}


@book{Tahaghoghi.2006,
 author = {Tahaghoghi, Seyed M. M. and Williams, Hugh E.},
 year = {2006},
 title = {Learning MySQL},
 url = {http://gbv.eblib.com/patron/FullRecord.aspx?p=540862},
 publisher = {O'Reilly},
 isbn = {9780596008642},
 language = {eng},
 location = {Sebastopol, Calif.},
 series = {Safari Books Online},
 abstract = {Whether you're running a business, keeping track of members andmeetings for a club, or just trying to organize a large and diversecollection of information, you'll find the MySQL database engineuseful for answering questions such as:  Which are my top ten fastest-selling products?How frequently does this person come to our facility?What was the highest, lowest, and average score of the team last season?   MySQL, the most popular open-source database, offers the power ofa relational database in a package that's easy to set up andadminister, and Learning MySQL provides all the tools you need to},
 pagetotal = {618},
 file = {http://proquest.tech.safaribooksonline.de/0596008643},
 file = {http://proquest.safaribooksonline.com/0596008643}
}


@online{TeamMachII.2013,
 author = {{Team Mach-II}},
 year = {2013},
 title = {Sunsetting Mach-II},
 url = {http://mach-ii.com/},
 urldate = {2015-10-25},
 abstract = {}
}


@online{TechnischeHochschuleIngolstadt.2013,
 year = {2013},
 title = {TECHNISCHE HOCHSCHULE INGOLSTADT},
 url = {http://www.thi.de/hochschule/aktuelles/von-der-fh-zur-th.html},
 urldate = {2015-10-29},
 abstract = {},
 organization = {{Technische Hochschule Ingolstadt}}
}


@online{TheDoctrineProject.,
 editor = {{The Doctrine Project}},
 title = {Doctrine DBAL 2 documentation},
 url = {http://doctrine-dbal.readthedocs.org/en/latest/reference/types.html},
 urldate = {2015-10-13},
 abstract = {},
 subtitle = {8. Types}
}


@online{TheDoctrineProject.2015,
 editor = {{The Doctrine Project}},
 year = {2015},
 title = {Doctrine DBAL 2 documentation},
 url = {http://docs.doctrine-project.org/projects/doctrine-dbal/en/latest/reference/introduction.html},
 urldate = {2015-12-26},
 abstract = {},
 subtitle = {Introduction},
 version = {latest}
}


@online{TheNeosTeam.2015,
 author = {{The Neos Team}},
 year = {2015},
 title = {Flow Framework Documentation},
 url = {https://media.readthedocs.org/pdf/flowframework/3.0/flowframework.pdf},
 urldate = {2015-10-07},
 abstract = {},
 version = {Release 3.0.0}
}


@online{TheNeosTeam.2015b,
 author = {{The Neos Team}},
 year = {2015},
 title = {Neos CMS Documentation},
 url = {https://media.readthedocs.org/pdf/neos/2.0/neos.pdf},
 urldate = {2015-10-07},
 abstract = {},
 version = {Release 2.0.0-beta6}
}


@online{ThePostgreSQLGlobalDevelopmentGroup.2016,
 editor = {{The PostgreSQL Global Development Group}},
 year = {2016},
 title = {GiST and GIN Index Types},
 url = {http://www.postgresql.org/docs/9.1/static/textsearch-indexes.html},
 urldate = {2016-01-04},
 abstract = {}
}

@online{ThePostgreSQLGlobalDevelopmentGroup.2016b,
 editor = {{The PostgreSQL Global Development Group}},
 year = {2016},
 title = {pgtrgm},
 url = {http://www.postgresql.org/docs/9.1/static/pgtrgm.html},
 urldate = {2016-01-19},
 abstract = {}
}


@online{TIOBESoftwareBV.,
 author = {{TIOBE Software BV}},
 title = {TIOBE Programming Community Index Definition},
 url = {http://www.tiobe.com/index.php/content/paperinfo/tpci/programminglanguages_definition.html},
 abstract = {},
 organization = {{TIOBE Software BV}}
}


@online{TIOBESoftwareBV.2015,
 author = {{TIOBE Software BV}},
 year = {2015},
 title = {TIOBE Index for October 2015},
 url = {http://www.tiobe.com/index.php/content/paperinfo/tpci/index.html},
 urldate = {2015-10-21},
 abstract = {},
 organization = {{TIOBE Software BV}},
 language = {en}
}


@book{Valentini.2013,
 author = {Valentini, Uwe and Wei{\ss}bach, R{\"u}diger and Fahney, Ralf and Gartung, Thomas and Glunde, J{\"o}rg and Herrmann, Andrea and Hoffmann, Anne and Knauss, Eric},
 year = {2013},
 title = {Requirements Engineering und Projektmanagement},
 url = {http://site.ebrary.com/lib/alltitles/docDetail.action?docID=10640928},
 publisher = {Springer},
 isbn = {978-3-642-29431-0},
 language = {ger},
 location = {Berlin, Heidelberg},
 series = {Xpert.press},
 abstract = {Regelm{\"a}{\ss}ig finden sich in den Fachmedien Berichte {\"u}ber gescheiterte Projekte. Ein wesentlicher Grund f{\"u}r das Scheitern liegt in unzureichenden Anforderungsdefinitionen.~ Je komplexer die Projekte sind und je dynamischer sich die Umwelt darstellt, desto wichtiger wird gutes Requirements Engineering und Requirements Management, um systematische Entscheidungshilfen zu geben und ein beschleunigtes Time-to-Market und folglich Wettbewerbsvorteile zu erreichen. Dieses Buch beschreibt f{\"u}r verschiedene Aktivit{\"a}ten des Projektmanagements, wo und wie Methoden und Verfahren~des~Requirements Engineering und~Management im Projekt zur Anwendung kommen wo {\"u}berkommene Vorgehensweisen erweitert bzw. ver{\"a}ndert werden sollten, wie Projektmanagement bereits (unbewusst) Requirements Engineering und Requirements Management an vielen Stellen einsetzt und dessen Ergebnisse nutzt. Durch bewussten Einsatz dieser Methoden kann das Projektmanagement verbessert werden. Eine Darstellung der Rahmenbedingungen f{\"u}r den optimalen Einsatz von Requirements Engineering rundet das Buch ab.},
 pagetotal = {188},
 doi = {10.1007/978-3-642-29432-7},
 file = {http://gso.gbv.de/DB=2.1/PPNSET?PPN=733286046},
 file = {http://dx.doi.org/10.1007/978-3-642-29432-7},
 file = {http://ebooks.ciando.com/book/index.cfm/bok_id/501373},
 file = {http://gbv.eblib.com/patron/FullRecord.aspx?p=1030166},
 file = {http://d-nb.info/1023059347/04},
 file = {http://deposit.d-nb.de/cgi-bin/dokserv?id=4052978&prov=M&dok_var=1&dok_ext=htm},
 file = {http://www.ciando.com/img/books/width167/3642294324_k.jpg},
 file = {http://www.ciando.com/pictures/bib/3642294324bib_t_1.jpg}
}


@online{W3Techs.2016,
 author = {W3Techs},
 year = {2016},
 title = {Usage of content management systems for websites},
 url = {http://w3techs.com/technologies/overview/content_management/all},
 urldate = {2016-01-11},
 abstract = {}
}


@book{Wieken.2009,
 author = {Wieken, John-Harry},
 year = {2009},
 title = {SQL},
 url = {http://proquest.safaribooksonline.com/9783827324856},
 edition = {1. Aufl.},
 publisher = {{Addison-Wesley Verlag}},
 isbn = {9783827324856},
 subtitle = {Einstieg f{\"u}r Anspruchsvolle. - Title from resource description page (viewed May 7, 2009). - Includes index},
 language = {ger},
 location = {M{\"u}nchen},
 series = {Safari Books Online},
 abstract = {},
 pagetotal = {429},
 file = {http://proquest.tech.safaribooksonline.de/9783827324856},
 file = {http://external.dandelon.com/download/attachments/dandelon/ids/FL001CDDB5D26DC66DF6AC1257569004BFA36.pdf}
}


